<record><leader>00000cas a2200000 a 4500</leader><controlfield tag="001">27911944</controlfield><controlfield tag="008">930413d188u1889caudn ne      0    0eng c</controlfield><datafield ind1=" " ind2=" " tag="010"><subfield code="a">sn 93051989 </subfield></datafield><datafield ind1=" " ind2=" " tag="040"><subfield code="a">CUY</subfield><subfield code="b">eng</subfield><subfield code="c">CNK</subfield><subfield code="d">OCLCQ</subfield><subfield code="d">CNK</subfield><subfield code="d">OCLCQ</subfield><subfield code="d">OCLCF</subfield><subfield code="d">OCLCO</subfield></datafield><datafield ind1="1" ind2=" " tag="029"><subfield code="a">AU@</subfield><subfield code="b">000020752484</subfield></datafield><datafield ind1=" " ind2=" " tag="042"><subfield code="a">pcc</subfield></datafield><datafield ind1=" " ind2=" " tag="043"><subfield code="a">n-us-ca</subfield></datafield><datafield ind1="0" ind2="0" tag="245"><subfield code="a">San Bernardino daily times.</subfield></datafield><datafield ind1="1" ind2="3" tag="246"><subfield code="a">Daily times</subfield></datafield><datafield ind1=" " ind2=" " tag="260"><subfield code="a">San Bernardino, Calif. :</subfield><subfield code="b">J. Isaac</subfield></datafield><datafield ind1=" " ind2=" " tag="300"><subfield code="a">v.</subfield></datafield><datafield ind1=" " ind2=" " tag="310"><subfield code="a">Daily (except Sun.)</subfield></datafield><datafield ind1="0" ind2=" " tag="362"><subfield code="a">-v. 27, no. 26 (Jan. 31, 1889).</subfield></datafield><datafield ind1=" " ind2=" " tag="500"><subfield code="a">"San Bernardino" appears in small print above masthead.</subfield></datafield><datafield ind1=" " ind2=" " tag="530"><subfield code="a">Master negatives are available for duplication from:</subfield><subfield code="b">California Newspaper Microfilm Archive;</subfield><subfield code="c">positive copies may be purchased by the reel; for further information consult the CNMA at:</subfield><subfield code="u">http://cbsr.ucr.edu</subfield></datafield><datafield ind1=" " ind2=" " tag="588"><subfield code="a">Description based on: Vol. 16, no. 183 (Aug. 1, 1883).</subfield></datafield><datafield ind1=" " ind2="0" tag="651"><subfield code="a">San Bernardino County (Calif.)</subfield><subfield code="v">Newspapers.</subfield></datafield><datafield ind1=" " ind2="7" tag="655"><subfield code="a">Newspapers.</subfield><subfield code="2">fast</subfield><subfield code="0">(OCoLC)fst01423814</subfield></datafield><datafield ind1=" " ind2="7" tag="651"><subfield code="a">California</subfield><subfield code="z">San Bernardino County.</subfield><subfield code="2">fast</subfield><subfield code="0">(OCoLC)fst01207309</subfield></datafield><datafield ind1=" " ind2=" " tag="752"><subfield code="a">United States</subfield><subfield code="b">California</subfield><subfield code="c">San Bernardino</subfield><subfield code="d">San Bernardino.</subfield></datafield><datafield ind1="0" ind2="0" tag="780"><subfield code="t">Daily times (San Bernardino, Calif. : 1879)</subfield><subfield code="w">(DLC)sn 93051988</subfield></datafield><datafield ind1="0" ind2="7" tag="785"><subfield code="t">San Bernardino daily index</subfield><subfield code="w">(DLC)sn 85066534</subfield></datafield><datafield ind1="0" ind2="7" tag="785"><subfield code="t">Daily times-index</subfield><subfield code="w">(DLC)sn 85066537</subfield></datafield></record>